<?xml version="1.0" encoding="UTF-8"?><collection xmlns="http://www.loc.gov/MARC21/slim"><record><leader>00421nam--2200133-i-4500</leader><controlfield tag="001">000008978</controlfield><controlfield tag="002">20161230</controlfield><controlfield tag="005">20161230201028</controlfield><controlfield tag="008">060222s1000------------r-----000-0-eng-d</controlfield><datafield ind1=" " ind2=" " tag="080"><subfield code="a">016:539.18:539.19</subfield></datafield><datafield ind1=" " ind2=" " tag="245"><subfield code="a">Atomic and molecular processes.bibliography of atomic and molecular processes for january june 1968</subfield></datafield><datafield ind1=" " ind2=" " tag="260"><subfield code="a">Oak Ridge, Atomic And Molecular Processes,1969 288 P</subfield></datafield><datafield ind1=" " ind2=" " tag="490"><subfield code="a">Ornl-ampic-11</subfield></datafield><datafield ind1=" " ind2=" " tag="852"><subfield code="a">D.1248</subfield></datafield></record></collection>